@inproceedings{cubliCDC13,
author={M. Muehlebach and G. Mohanarajah and R. D'Andrea},
title={Nonlinear Analysis and Control of a Reaction Wheel-based 3D Inverted Pendulum},
booktitle={proc. Conference on Decision and Control},
year={2013}
}

@inproceedings{cubliECC13,
author={M. Gajamohan and M. Muehlebach and T. Widmer and R. D'Andrea},
title={The Cubli: A Reaction Wheel Based 3D Inverted Pendulum},
booktitle={proc. European Control Conference},
year={2013},
pages={268-274}
}


@online{MEMSmarket,
  author = {Chris A. Ciufo},
  title = {MEMS Trends: Smaller, Cheaper, Everywhere},
  year = 2012,
  url = {http://eecatalog.com/sensors/2012/05/24/mems-trends-smaller-cheaper-everywhere/},
  urldate = {2015-03-09}
}
@book{MATLAB:2014,
year = {2014},
author = {MATLAB},
title = {version 8.4.0 (R2014b)},
publisher = {The MathWorks Inc.},
address = {Natick, Massachusetts}
}

@book{elektro,
year = {2003},
author = {Hans Johansson},
title = {Elektroteknik},
publisher = {Institutionen för Maskinkonstruktion, KTH}
}

@book{Lagrangeref,
year = {2007},
author = {Daniel J. Block, Karl J. Åström, Mark W. Spong},
title = {The Reaction Wheel Pendulum},
publisher = {Morgan \& Claypool Publishers}
}

@techreport{ref:accelerometero,
author={Matej Andrejasic},
title={MEMS Accelerometers},
year={2008},
institution = {Faculty for mathematics and physics, University of Ljubljana}
}
%http://mafija.fmf.uni-lj.si/seminar/files/2007_2008/MEMS_accelerometers-koncna.pdf

@techreport{KTHpendulum,
author={Geoffrey. Chauveau and Damien. Chazal and Daisuke. Nakayama and Erik. Olsen and Staffan. Palm},
title={Controlling the Reaction Wheel Pendulum},
year={2005},
institution = {School of electrial engineering , KTH}
}

@techreport{IMUintro,
author={Oliver J. Woodman},
title={An introduction to intertial navigation},
year={2007},
institution = {Computer Laboratory, University of Cambridge}
}
%https://www.cl.cam.ac.uk/techreports/UCAM-CL-TR-696.pdf


@techreport{Kalmanintro,
author={G. Welch and G. Bishop},
title={Introduction to the Kalman Filter},
year={2006},
institution = {Department of  Computer Science, University of North Carolina at Chapel Hill }
}
% http://www.cs.unc.edu/~welch/media/pdf/kalman_intro.pdf

@techreport{Lagrangeswing,
author={Pavol Seman, Martin Juhás},
title={Swing up and stadilization of reaction wheel},
year={2011},
institution = {Faculty of Mechanical engineering, Technical university of Košice}
}


@techreport{AllanV,
organization={Freescale Semiconductor},
title={Modeling Inertial Sensors Errors Using Allan Variance},
year={2005}
}
%http://www.ucalgary.ca/engo_webdocs/NES/04.20201.HaiyingHou.pdf



@article{MEMSdrift,
author = {Jaw-Kuen Shiau, Chen-Xuan Huang and Ming-Yu Chang},
journal = {Journal of Applied Science and Engineering},
pages = {239--246},
title = {Noise Characteristics of MEMS Gyro’s Null Drift and Temperature Compensation},
volume = {15},
number = {3},
year = {2012}
}
% http://www2.tku.edu.tw/~tkjse/15-3/04-AE10102.pdf


@article{Simon2001,
author = {Dan Simon},
journal = {Embedded System Programming},
pages = {72--79},
title = {Kalman Filtering},
volume = {1},
number = {6},
year = {2001}
}
% http://academic.csuohio.edu/simond/courses/eec644/kalman.pdf

